
@article{Achterberg2011,
  title = {Temporal Variations of {{Titan}}'s Middle-Atmospheric Temperatures from 2004 to 2009 Observed by {{Cassini}}/{{CIRS}}},
  author = {Achterberg, Richard K. and Gierasch, Peter J. and Conrath, Barney J. and Michael Flasar, F. and Nixon, Conor A.},
  year = {2011},
  volume = {211},
  pages = {686--698},
  doi = {10.1016/j.icarus.2010.08.009},
  journal = {Icarus},
  number = {1}
}

@article{Acton1996,
  title = {Ancillary Data Services of {{NASA}}'s Navigation and {{Ancillary Information Facility}}},
  author = {Acton, Charles H.},
  year = {1996},
  volume = {44},
  pages = {65--70},
  doi = {10.1016/0032-0633(95)00107-7},
  journal = {Planetary and Space Science}
}

@article{Annex2020,
  title = {{{SpiceyPy}}: A {{Pythonic Wrapper}} for the {{SPICE Toolkit}}},
  shorttitle = {{{SpiceyPy}}},
  author = {Annex, Andrew and Pearson, Ben and Seignovert, Beno{\^i}t and Carcich, Brian and Eichhorn, Helge and Mapel, Jesse and von Forstner, Johan and McAuliffe, Jonathan and del Rio, Jorge and Berry, Kristin and Aye, K.-Michael and Stefko, Marcel and de {Val-Borro}, Miguel and Kulumani, Shankar and Murakami, Shin-ya},
  year = {2020},
  volume = {5},
  pages = {2050},
  doi = {10.21105/joss.02050},
  journal = {Journal of Open Source Software},
  number = {46}
}

@article{Bezard2018,
  title = {Seasonal Radiative Modeling of {{Titan}}'s Stratospheric Temperatures at Low Latitudes},
  author = {B{\'e}zard, Bruno and Vinatier, Sandrine and Achterberg, Richard K.},
  year = {2018},
  volume = {302},
  pages = {437--450},
  doi = {10.1016/j.icarus.2017.11.034},
  journal = {Icarus}
}

@article{Chassefiere1995,
  title = {Two Formation Regions for {{Titan}}'s Hazes: Indirect Clues and Possible Synthesis Mechanisms},
  author = {Chassefi{\`e}re, E and Cabane, M},
  year = {1995},
  volume = {43},
  pages = {91--103},
  doi = {10.1016/0032-0633(94)00138-H},
  journal = {Planetary and Space Science},
  number = {1-2}
}

@article{Cours2011,
  title = {Dual {{Origin}} of {{Aerosols}} in {{Titan}}'s {{Detached Haze Layer}}},
  author = {Cours, Thibaud and Burgalat, J and Rannou, Pascal and Rodriguez, Sebastien and Brahic, A and West, Robert A.},
  year = {2011},
  volume = {741},
  pages = {L32},
  publisher = {{IOP Publishing}},
  doi = {10.1088/2041-8205/741/2/L32},
  journal = {Astrophys. J.},
  number = {2}
}

@article{deKok2014,
  title = {{{HCN}} Ice in {{Titan}}'s High-Altitude Southern Polar Cloud},
  author = {{de Kok}, Remco J. and Teanby, Nicholas A. and Maltagliati, Luca and Irwin, Patrick G. J. and Vinatier, Sandrine},
  year = {2014},
  volume = {514},
  pages = {65--67},
  doi = {10.1038/nature13789},
  archivePrefix = {arXiv},
  eprint = {1410.5563},
  eprinttype = {arxiv},
  journal = {Nature},
  number = {7520}
}

@article{Evans1998,
  title = {The {{Spherical Harmonics Discrete Ordinate Method}} for {{Three}}-{{Dimensional Atmospheric Radiative Transfer}}},
  author = {Evans, K. Franklin},
  year = {1998},
  volume = {55},
  pages = {429--446},
  doi = {10.1175/1520-0469(1998)055<0429:TSHDOM>2.0.CO;2},
  journal = {Journal of the Atmospheric Sciences},
  number = {3}
}

@article{Flasar2005,
  title = {Titan's {{Atmospheric Temperatures}}, {{Winds}}, and {{Composition}}},
  author = {Flasar, M. and Achterberg, R. K. and Conrath, B. J. and Gierasch, P. J. and Kunde, V. G. and Nixon, C. A. and Bjoraker, G. L. and Jennings, D. E. and Romani, P. N. and {Simon-Miller}, A. A. and B{\'e}zard, B. and Coustenis, A. and Irwin, P. G. J. and Teanby, N. A. and Brasunas, J. and Pearl, J. C. and Segura, M. E. and Carlson, R. C. and Mamoutkine, A. and Schinder, P. J. and Barucci, A. and Courtin, R. and Fouchet, T. and Gautier, D. and Lellouch, E. and Marten, A. and Prang{\'e}, R. and Vinatier, S. and Strobel, D. F. and Calcutt, S. B. and Read, P. L. and Taylor, F. W. and Bowles, N. and Samuelson, R. E. and Orton, G. S. and Spilker, L. J. and Owen, T. C. and Spencer, J. R. and Showalter, M. R. and Ferrari, C. and Abbas, M. M. and Raulin, F. and Edgington, S. and Ade, P. and Wishnow, E. H.},
  year = {2005},
  volume = {308},
  pages = {975--978},
  doi = {10.1126/science.1111150},
  journal = {Science},
  number = {5724}
}

@article{Koskinen2011,
  title = {The Mesosphere and Lower Thermosphere of {{Titan}} Revealed by {{Cassini}}/{{UVIS}} Stellar Occultations},
  author = {Koskinen, T T and Yelle, R V and Snowden, D S and Lavvas, Panayotis and Sandel, B R and Capalbo, F J and Benilan, Y and West, Robert A.},
  year = {2011},
  volume = {216},
  pages = {507--534},
  doi = {10.1016/j.icarus.2011.09.022},
  journal = {Icarus},
  number = {2}
}

@article{Larson2015,
  title = {Microphysical Modeling of {{Titan}}'s Detached Haze Layer in a {{3D GCM}}},
  author = {Larson, Erik J.L. and Toon, Owen B and West, Robert A. and Friedson, A James},
  year = {2015},
  volume = {254},
  pages = {122--134},
  publisher = {{Elsevier Inc.}},
  doi = {10.1016/j.icarus.2015.03.010},
  journal = {Icarus}
}

@article{Lavvas2009,
  title = {The Detached Haze Layer in {{Titan}}'s Mesosphere},
  author = {Lavvas, Panayotis and Yelle, Roger V and Vuitton, V{\'e}ronique},
  year = {2009},
  volume = {201},
  pages = {626--633},
  publisher = {{Elsevier Inc.}},
  doi = {10.1016/j.icarus.2009.01.004},
  journal = {Icarus},
  number = {2}
}

@article{Lebonnois2012,
  title = {Titan Global Climate Model: {{A}} New 3-Dimensional Version of the {{IPSL Titan GCM}}},
  author = {Lebonnois, S{\'e}bastien and Burgalat, J{\'e}r{\'e}mie and Rannou, Pascal and Charnay, Benjamin},
  year = {2012},
  volume = {218},
  pages = {707--722},
  doi = {10.1016/j.icarus.2011.11.032},
  journal = {Icarus},
  number = {1}
}

@article{Lellouch2019,
  title = {An Intense Thermospheric Jet on {{Titan}}},
  author = {Lellouch, E. and Gurwell, M. A. and Moreno, R. and Vinatier, S. and Strobel, D. F. and Moullet, A. and Butler, B. and Lara, L. and Hidayat, T. and Villard, E.},
  year = {2019},
  volume = {3},
  pages = {614--619},
  doi = {10.1038/s41550-019-0749-4},
  journal = {Nature Astronomy},
  number = {7}
}

@article{Porco2005,
  title = {Imaging of {{Titan}} from the {{Cassini}} Spacecraft.},
  author = {Porco, Carolyn C and Baker, Emily and Barbara, John and Beurle, Kevin and Brahic, Andre and a Burns, Joseph and Charnoz, Sebastien and Cooper, Nick and Dawson, Douglas D and Del Genio, Anthony D and Denk, Tilmann and Dones, Luke and Dyudina, Ulyana and Evans, Michael W and Fussner, Stephanie and Giese, Bernd and Grazier, Kevin and Helfenstein, Paul and Ingersoll, Andrew P and a Jacobson, Robert and Johnson, Torrence V and McEwen, Alfred and Murray, Carl D and Neukum, Gerhard and Owen, William M and Perry, Jason and Roatsch, Thomas and Spitale, Joseph and Squyres, Steven and Thomas, Peter and Tiscareno, Matthew and Turtle, Elizabeth P. and Vasavada, Ashwin R and Veverka, Joseph and Wagner, Roland and West, Robert A.},
  year = {2005},
  volume = {434},
  pages = {159--168},
  doi = {10.1038/nature03436},
  journal = {Nature}
}

@article{Rages1983,
  title = {Vertical Distribution of Scattering Hazes in {{Titan}}'s Upper Atmosphere},
  author = {Rages, Kathy and Pollack, J.B.},
  year = {1983},
  volume = {55},
  pages = {50--62},
  doi = {10.1016/0019-1035(83)90049-0},
  journal = {Icarus},
  number = {1}
}

@article{Rages1983a,
  title = {Size Estimates of {{Titan}}'s Aerosols Based on {{Voyager}} High-Phase-Angle Images},
  author = {Rages, Kathy and Pollack, J B and Smith, P H},
  year = {1983},
  volume = {88},
  pages = {8721--8728},
  doi = {10.1029/JA088iA11p08721},
  journal = {J. Geophys. Res. Sp. Phys.},
  number = {A11}
}

@article{Rannou1997,
  title = {A New Interpretation of Scattered Light Measurements at {{Titan}}'s Limb},
  author = {Rannou, Pascal and Cabane, Michel and Botet, Robert and Chassefi{\`e}re, Eric},
  year = {1997},
  volume = {102},
  pages = {10997--11013},
  doi = {10.1029/97JE00719},
  journal = {J. Geophys. Res. Planets},
  number = {E5}
}

@article{Rannou2000,
  title = {Characterization of {{Aerosols}} in the {{Detached Haze Layer}} of {{Titan}}},
  author = {Rannou, Pascal and Ferrari, C and Rages, Kathy and {Roos-Serote}, Maarten and Cabane, M},
  year = {2000},
  volume = {147},
  pages = {267--281},
  doi = {10.1006/icar.2000.6416},
  journal = {Icarus}
}

@article{Rannou2002,
  title = {A Wind Origin for {{Titan}}'s Haze Structure},
  author = {Rannou, Pascal and Hourdin, F and McKay, C P},
  year = {2002},
  volume = {418},
  pages = {853--856},
  doi = {10.1038/nature00961},
  journal = {Nature},
  number = {6900}
}

@article{Rannou2004,
  title = {A Coupled Dynamics-Microphysics Model of {{Titan}}'s Atmosphere},
  author = {Rannou, Pascal and Hourdin, F and McKay, C P and Luz, D},
  year = {2004},
  volume = {170},
  pages = {443--462},
  doi = {10.1016/j.icarus.2004.03.007},
  journal = {Icarus},
  number = {2}
}

@article{Seignovert2017,
  title = {Aerosols Optical Properties in {{Titan}}'s Detached Haze Layer before the Equinox},
  author = {Seignovert, Beno{\^i}t and Rannou, Pascal and Lavvas, Panayotis and Cours, Thibaud and West, Robert A.},
  year = {2017},
  volume = {292},
  pages = {13--21},
  doi = {10.1016/j.icarus.2017.03.026},
  archivePrefix = {arXiv},
  eprint = {1704.00842v1},
  eprinttype = {arxiv},
  journal = {Icarus}
}

@article{Sicardy1999,
  title = {The {{Structure}} of {{Titan}}'s {{Stratosphere}} from the 28 {{Sgr Occultation}}},
  author = {Sicardy, B. and Ferri, F. and Roques, F. and Lecacheux, J. and Pau, S. and Brosch, N. and Nevo, Y. and Hubbard, W.B. and Reitsema, H.J. and Blanco, C. and Carreira, E. and Beisker, W. and Bittner, C. and Bode, H.-J. and Bruns, M. and Denzau, H. and Nezel, M. and Riedel, E. and Struckmann, H. and Appleby, G. and Forrest, R.W. and Nicolson, I.K.M. and Hollis, A.J. and Miles, R.},
  year = {1999},
  volume = {142},
  pages = {357--390},
  doi = {10.1006/icar.1999.6219},
  journal = {Icarus},
  number = {2}
}

@article{Sicardy2006,
  title = {The Two {{Titan}} Stellar Occultations of 14 {{November}} 2003},
  author = {Sicardy, B. and Colas, F. and Widemann, T. and Bellucci, A. and Beisker, W. and Kretlow, M. and Ferri, F. and Lacour, S. and Lecacheux, J. and Lellouch, Emmanuel and Pau, S. and Renner, S. and Roques, F. and Fienga, A. and Etienne, C. and Martinez, C. and Glass, I. S. and Baba, D. and Nagayama, T. and Nagata, T. and {Itting-Enke}, S. and Bath, K.-L. and Bode, H.-J. and Bode, F. and L{\"u}demann, H. and L{\"u}demann, J. and Neubauer, D. and Tegtmeier, A. and Tegtmeier, C. and Thom{\'e}, B. and Hund, F. and DeWitt, C. and Fraser, B. and Jansen, A. and Jones, T. and Schoenau, P. and Turk, C. and Meintjies, P. and Hernandez, M. and Fiel, D. and Frappa, E. and Peyrot, A. and Teng, J. P. and Vignand, M. and Hesler, G. and Payet, T. and Howell, R. R. and Kidger, M. and Ortiz, J. L. and Naranjo, O. and Rosenzweig, P. and Rapaport, M.},
  year = {2006},
  volume = {111},
  pages = {E11S91},
  doi = {10.1029/2005JE002624},
  journal = {Journal of Geophysical Research},
  number = {E11}
}

@article{Smith1980,
  title = {The Radius of {{Titan}} from {{Pioneer Saturn}} Data},
  author = {Smith, Peter H.},
  year = {1980},
  volume = {85},
  pages = {5943},
  doi = {10.1029/JA085iA11p05943},
  journal = {Journal of Geophysical Research},
  number = {A11}
}

@article{Smith1981,
  title = {Encounter with {{Saturn}}: {{Voyager}} 1 {{Imaging Science Results}}},
  author = {Smith, B A and Soderblom, Laurence A and Beebe, R and Boyce, J and Briggs, G and Bunker, A and Collins, S A and Hansen, C J and Johnson, T V and Mitchell, J L and Terrile, R J and Carr, M and Cook, A F and Cuzzi, J and Pollack, J B and Danielson, G E and Ingersoll, A and Davies, M E and Hunt, G E and Masursky, H and Shoemaker, E and Morrison, D and Owen, T and Sagan, Carl and Veverka, J and Strom, R and Suomi, V E},
  year = {1981},
  volume = {212},
  pages = {163--191},
  doi = {10.1126/science.212.4491.163},
  journal = {Science},
  number = {4491}
}

@article{Smith1982,
  title = {A {{New Look}} at the {{Saturn System}}: {{The Voyager}} 2 {{Images}}},
  author = {Smith, B A and Soderblom, Laurence A and Batson, R and Bridges, P and Inge, J and Masursky, H and Shoemaker, E and Beebe, R and Boyce, J and Briggs, G and Bunker, A and Collins, S A and Hansen, C J and Johnson, T V and Mitchell, J L and Terrile, R J and Cook, A F and Cuzzi, J and Pollack, J B and Danielson, G E and Ingersoll, A P and Davies, M E and Hunt, G E and Morrison, D and Owen, T and Sagan, Carl and Veverka, J and Strom, R and Suomi, V E},
  year = {1982},
  volume = {215},
  pages = {504--537},
  doi = {10.1126/science.215.4532.504},
  journal = {Science},
  number = {4532}
}

@article{Sromovsky1981,
  title = {Implications of {{Titan}}'s North\textendash South Brightness Asymmetry},
  author = {Sromovsky, Lawrence A. and Suomi, Verner E. and Pollack, James B. and Krauss, Robert J. and Limaye, Sanjay S. and Owen, Tobias and Revercomb, Henry E. and Sagan, Carl},
  year = {1981},
  volume = {292},
  pages = {698--702},
  doi = {10.1038/292698a0},
  journal = {Nature},
  number = {5825}
}

@article{Tomasko2008,
  title = {A Model of {{Titan}}'s Aerosols Based on Measurements Made inside the Atmosphere},
  author = {Tomasko, Martin G. and Doose, L and Engel, S and Dafoe, L E and West, Robert A. and Lemmon, M and Karkoschka, Erich and See, C},
  year = {2008},
  volume = {56},
  pages = {669--707},
  doi = {10.1016/j.pss.2007.11.019},
  journal = {Planet. Space Sci.},
  number = {5}
}

@article{Toon1992,
  title = {A Physical Model of {{Titan}}'s Aerosols},
  author = {Toon, O B and McKay, C P and Griffith, Caitlin A. and Turco, R P},
  year = {1992},
  volume = {95},
  pages = {24--53},
  doi = {10.1016/0019-1035(92)90188-D},
  journal = {Icarus},
  number = {1}
}

@article{West2010,
  title = {In-Flight Calibration of the {{Cassini}} Imaging Science Sub-System Cameras},
  author = {West, Robert A. and Knowles, Benjamin and Birath, Emma and Charnoz, Sebastien and Di Nino, Daiana and Hedman, Matthew and Helfenstein, Paul and McEwen, Alfred and Perry, Jason and Porco, Carolyn and Salmon, Julien and Throop, Henry and Wilson, Daren},
  year = {2010},
  volume = {58},
  pages = {1475--1488},
  doi = {10.1016/j.pss.2010.07.006},
  journal = {Planet. Space Sci.},
  number = {11}
}

@article{West2011,
  title = {The Evolution of {{Titan}}'s Detached Haze Layer near Equinox in 2009},
  author = {West, Robert A. and Balloch, Jonathan and Dumont, Philip and Lavvas, Panayotis and Lorenz, Ralph and Rannou, Pascal and Ray, Trina and Turtle, Elizabeth P.},
  year = {2011},
  volume = {38},
  doi = {10.1029/2011GL046843},
  journal = {Geophys. Res. Lett.},
  number = {6}
}

@article{West2016,
  title = {Cassini {{Imaging Science Subsystem}} Observations of {{Titan}}'s South Polar Cloud},
  author = {West, R.A. and Del Genio, A.D. and Barbara, J.M. and Toledo, Daniel and Lavvas, Panayotis and Rannou, Pascal and Turtle, E.P. and Perry, J},
  year = {2016},
  volume = {270},
  pages = {399--408},
  doi = {10.1016/j.icarus.2014.11.038},
  journal = {Icarus}
}

@article{West2018,
  title = {The Seasonal Cycle of {{Titan}}'s Detached Haze},
  author = {West, Robert A. and Seignovert, Beno{\^i}t and Rannou, Pascal and Dumont, Philip and Turtle, Elizabeth P. and Perry, Jason and Roy, Mou and Ovanessian, Aida},
  year = {2018},
  volume = {2},
  pages = {495--500},
  doi = {10.1038/s41550-018-0434-z},
  archivePrefix = {arXiv},
  eprint = {1804.10842},
  eprinttype = {arxiv},
  journal = {Nature Astronomy},
  number = {6}
}


